<?xml version="1.0" encoding="UTF-8"?>
<record xmlns="http://www.loc.gov/MARC21/slim" xmlns:xsi="http://www.w3.org/2001/XMLSchema-instance" xsi:schemaLocation="http://www.loc.gov/MARC21/slim http://www.loc.gov/standards/marcxml/schema/MARC21slim.xsd">
<leader>     nam a22002297u 4500</leader>
<controlfield tag="001">001677696</controlfield>
<controlfield tag="003">NNU</controlfield>
<controlfield tag="005">19970421174528.0</controlfield>
<controlfield tag="008">911107 1958    sy            000 0 ara d</controlfield>
<datafield tag="035" ind1="9" ind2=" ">
<subfield code="a">NYUb12221080</subfield>
</datafield>
<datafield tag="035" ind1=" " ind2=" ">
<subfield code="a">(MH)MHALP06794HU</subfield>
</datafield>
<datafield tag="035" ind1=" " ind2=" ">
<subfield code="a">(CStRLIN)MAHGALP06794-B</subfield>
</datafield>
<datafield tag="040" ind1=" " ind2=" ">
<subfield code="a">MH</subfield>
<subfield code="c">MH</subfield>
<subfield code="d">CStRLIN</subfield>
</datafield>
<datafield tag="100" ind1="1" ind2=" ">
<subfield code="a">Maudoodi, Syed Abul ʻAla,</subfield>
<subfield code="d">1903-1979.</subfield>
</datafield>
<datafield tag="245" ind1="1" ind2="0">
<subfield code="a">Niẓām al-ḥayāh fī al-Islām :</subfield>
<subfield code="b">al-niẓām al-ijtimāʻī, al-niẓām al-iqtiṣādī, al-niẓām al-khuluqī, al-niẓām al-siyāsī, al-niẓām al-rūḥānī /</subfield>
<subfield code="c">taʼlīf Abul ʻAla al-Maudoodi ; naqalahu ilá al-ʻArabīyah Muḥammad ʻĀṣim Ḥaddād.</subfield>
</datafield>
<datafield tag="250" ind1=" " ind2=" ">
<subfield code="a">Ṭabʻah 2.</subfield>
</datafield>
<datafield tag="260" ind1=" " ind2=" ">
<subfield code="a">Dimashq :</subfield>
<subfield code="b">Dār al-Fikr al-Islāmī,</subfield>
<subfield code="c">1958.</subfield>
</datafield>
<datafield tag="300" ind1=" " ind2=" ">
<subfield code="a">85 p. 20 cm.</subfield>
</datafield>
<datafield tag="650" ind1=" " ind2="0">
<subfield code="a">Religious life</subfield>
<subfield code="x">Islam.</subfield>
</datafield>
<datafield tag="700" ind1="1" ind2=" ">
<subfield code="a">Ḥaddād, Muḥammad ʻĀṣim.</subfield>
</datafield>
<datafield tag="OWN" ind1=" " ind2=" ">
<subfield code="a">GENERAL</subfield>
</datafield>
<datafield tag="950" ind1=" " ind2=" ">
<subfield code="l">BMAIN</subfield>
<subfield code="a">BP188</subfield>
<subfield code="b">.M383 1958</subfield>
</datafield>
<datafield tag="955" ind1=" " ind2=" ">
<subfield code="l">BMAIN</subfield>
<subfield code="c">1</subfield>
<subfield code="r">028091240</subfield>
</datafield>
<datafield tag="998" ind1=" " ind2=" ">
<subfield code="s">9555</subfield>
</datafield>
<datafield tag="AVA" ind1=" " ind2=" ">
<subfield code="a">NYU50</subfield>
<subfield code="b">BOBST</subfield>
<subfield code="c">Main Collection</subfield>
<subfield code="d">BP188 .M383 1958</subfield>
<subfield code="e">unavailable</subfield>
<subfield code="t">Unavailable</subfield>
<subfield code="f">1</subfield>
<subfield code="g">1</subfield>
<subfield code="h">N</subfield>
<subfield code="i">0</subfield>
<subfield code="j">MAIN</subfield>
<subfield code="k">0</subfield>
</datafield>
</record>
